@Unpublished{FARSEEING,
author = {Dag Svanæs},
title = {End-user acceptability of fall detection service models: an empirical study of
usefulness and usability},
note = {•},
OPTkey = {•},
OPTmonth = {•},
OPTyear = {•},
OPTannote = {•}
}


%Original reference: Stevens J (2003) Falls among older adults: moving from research
%to practice. In: Proceedings of international conference on aging,
%disability and independence, 2003

@Article{falls_health_hazard,
author = {Stevens J},
title = {Falls among older adults: moving from research
to practice},
booktitle = {Proceedings of international conference on aging,
disability and independence},
OPTcrossref = {•},
OPTkey = {•},
OPTpages = {•},
OPTyear = {2003},
OPTeditor = {•},
OPTvolume = {•},
OPTnumber = {•},
OPTseries = {•},
OPTaddress = {•},
OPTmonth = {•},
OPTorganization = {•},
OPTpublisher = {•},
OPTnote = {•},
OPTannote = {•}
}

@TechReport{physical_activity,
author = {Department of Health },
title = {At least five a week: Evidence on the impact of physical activity and its relationship to health},
institution = {Department of Health},
year = {2004},
OPTkey = {•},
OPTtype = {•},
OPTnumber = {•},
OPTaddress = {•},
OPTmonth = {April},
OPTnote = {•},
OPTannote = {•}
}

@Article{fear_of_falling,
author = {Bruno J. Vellas, Sharon J. Wayne, Linda J. Romero, Richard N. Baumgartner, Philip J. Garry},
title = {Fear of falling and restriction of mobility in elderly fallers},
journal = {Age Ageing},
year = {1997},
OPTkey = {•},
OPTvolume = {•},
OPTnumber = {•},
OPTpages = {•},
OPTmonth = {•},
OPTnote = {•},
OPTannote = {•}
}

@Article{physical_avoidance,
author = {Delbaere K, Crombez G, Vanderstraeten G, Willems T, Cambier D},
title = {Fear-related avoidance of activities, falls and physical frailty. A prospective community-based cohort study},
journal = {Age Ageing},
year = {2004},
OPTkey = {•},
OPTvolume = {•},
OPTnumber = {•},
OPTpages = {•},
OPTmonth = {•},
OPTnote = {•},
OPTannote = {•}
}

@Article{fall_statistics,
author = {Laurence Z. Rubenstein},
title = {Falls in older people: epidemiology, risk factors and strategies for prevention},
journal = {Age and Ageing},
year = {2006},
OPTkey = {•},
OPTvolume = {•},
OPTnumber = {•},
OPTpages = {•},
OPTmonth = {•},
OPTnote = {•},
OPTannote = {•}
}






